@ARTICLE{2022A&A...667A.147K,
       author = {{Khorshid}, N. and {Min}, M. and {D{\'e}sert}, J.~M. and {Woitke}, P. and {Dominik}, C.},
        title = "{SimAb: A simple, fast, and flexible model to assess the effects of planet formation on the atmospheric composition of gas giants}",
      journal = {\aap},
     keywords = {planets and satellites: formation, Astrophysics - Earth and Planetary Astrophysics},
         year = 2022,
        month = nov,
       volume = {667},
          eid = {A147},
        pages = {A147},
          doi = {10.1051/0004-6361/202141455},
archivePrefix = {arXiv},
       eprint = {2111.00279},
 primaryClass = {astro-ph.EP},
       adsurl = {https://ui.adsabs.harvard.edu/abs/2022A&A...667A.147K},
      adsnote = {Provided by the SAO/NASA Astrophysics Data System}
}

@ARTICLE{2022A&A...665A...2C,
       author = {{Chubb}, Katy L. and {Min}, Michiel},
        title = "{Exoplanet Atmosphere Retrievals in 3D Using Phase Curve Data with ARCiS: Application to WASP-43b}",
      journal = {\aap},
     keywords = {planets and satellites: gaseous planets, infrared: planetary systems, opacity, Astrophysics - Earth and Planetary Astrophysics, Astrophysics - Instrumentation and Methods for Astrophysics},
         year = 2022,
        month = sep,
       volume = {665},
          eid = {A2},
        pages = {A2},
          doi = {10.1051/0004-6361/202142800},
archivePrefix = {arXiv},
       eprint = {2206.09738},
 primaryClass = {astro-ph.EP},
       adsurl = {https://ui.adsabs.harvard.edu/abs/2022A&A...665A...2C},
      adsnote = {Provided by the SAO/NASA Astrophysics Data System}
}

@ARTICLE{2021A&A...656A..90K,
       author = {{Kawashima}, Yui and {Min}, Michiel},
        title = "{Implementation of disequilibrium chemistry to spectral retrieval code ARCiS and application to 16 exoplanet transmission spectra. Indication of disequilibrium chemistry for HD 209458b and WASP-39b}",
      journal = {\aap},
     keywords = {planets and satellites: gaseous planets, planets and satellites: atmospheres, planets and satellites: composition, Astrophysics - Earth and Planetary Astrophysics, Astrophysics - Solar and Stellar Astrophysics},
         year = 2021,
        month = dec,
       volume = {656},
          eid = {A90},
        pages = {A90},
          doi = {10.1051/0004-6361/202141548},
archivePrefix = {arXiv},
       eprint = {2110.13443},
 primaryClass = {astro-ph.EP},
       adsurl = {https://ui.adsabs.harvard.edu/abs/2021A&A...656A..90K},
      adsnote = {Provided by the SAO/NASA Astrophysics Data System}
}

@ARTICLE{2020A&A...642A..28M,
       author = {{Min}, Michiel and {Ormel}, Chris W. and {Chubb}, Katy and {Helling}, Christiane and {Kawashima}, Yui},
        title = "{The ARCiS framework for exoplanet atmospheres. Modelling philosophy and retrieval}",
      journal = {\aap},
     keywords = {methods: numerical, planets and satellites: atmospheres, techniques: spectroscopic, Astrophysics - Earth and Planetary Astrophysics, Astrophysics - Instrumentation and Methods for Astrophysics},
         year = 2020,
        month = oct,
       volume = {642},
          eid = {A28},
        pages = {A28},
          doi = {10.1051/0004-6361/201937377},
archivePrefix = {arXiv},
       eprint = {2006.12821},
 primaryClass = {astro-ph.EP},
       adsurl = {https://ui.adsabs.harvard.edu/abs/2020A&A...642A..28M},
      adsnote = {Provided by the SAO/NASA Astrophysics Data System}
}

@ARTICLE{2019A&A...622A.121O,
       author = {{Ormel}, Chris W. and {Min}, Michiel},
        title = "{ARCiS framework for exoplanet atmospheres. The cloud transport model}",
      journal = {\aap},
     keywords = {methods: numerical, planets and satellites: atmospheres, planets and satellites: composition, Astrophysics - Earth and Planetary Astrophysics},
         year = 2019,
        month = feb,
       volume = {622},
          eid = {A121},
        pages = {A121},
          doi = {10.1051/0004-6361/201833678},
archivePrefix = {arXiv},
       eprint = {1812.05053},
 primaryClass = {astro-ph.EP},
       adsurl = {https://ui.adsabs.harvard.edu/abs/2019A&A...622A.121O},
      adsnote = {Provided by the SAO/NASA Astrophysics Data System}
}

@ARTICLE{2005A&A...432..909M,
       author = {{Min}, M. and {Hovenier}, J.~W. and {de Koter}, A.},
        title = "{Modeling optical properties of cosmic dust grains using a distribution of hollow spheres}",
      journal = {\aap},
     keywords = {polarisation, scattering, stars: circumstellar matter, infrared: general, Astrophysics},
         year = 2005,
        month = mar,
       volume = {432},
       number = {3},
        pages = {909-920},
          doi = {10.1051/0004-6361:20041920},
archivePrefix = {arXiv},
       eprint = {astro-ph/0503068},
 primaryClass = {astro-ph},
       adsurl = {https://ui.adsabs.harvard.edu/abs/2005A&A...432..909M},
      adsnote = {Provided by the SAO/NASA Astrophysics Data System}
}

@ARTICLE{2018A&A...614A...1W,
       author = {{Woitke}, P. and {Helling}, Ch. and {Hunter}, G.~H. and {Millard}, J.~D. and {Turner}, G.~E. and {Worters}, M. and {Blecic}, J. and {Stock}, J.~W.},
        title = "{Equilibrium chemistry down to 100 K. Impact of silicates and phyllosilicates on the carbon to oxygen ratio}",
      journal = {\aap},
     keywords = {astrochemistry, planets and satellites: atmospheres, planets and satellites: composition, stars: winds, outflows, molecular data, methods: numerical, Astrophysics - Earth and Planetary Astrophysics},
         year = 2018,
        month = jun,
       volume = {614},
          eid = {A1},
        pages = {A1},
          doi = {10.1051/0004-6361/201732193},
archivePrefix = {arXiv},
       eprint = {1712.01010},
 primaryClass = {astro-ph.EP},
       adsurl = {https://ui.adsabs.harvard.edu/abs/2018A&A...614A...1W},
      adsnote = {Provided by the SAO/NASA Astrophysics Data System}
}

@ARTICLE{1981ApOpt..20.3657T,
       author = {{Toon}, O.~B. and {Ackerman}, T.~P.},
        title = "{Algorithms for the calculation of scattering by stratified spheres}",
      journal = {\ao},
     keywords = {Atmospheric Optics, Computerized Simulation, Light Scattering, Spheres, Algorithms, Error Analysis, Mie Scattering, Refractivity, Optics, ATMOSPHERIC OPTICS, AEROSOLS, SCATTERING, MIE THEORY},
         year = 1981,
        month = oct,
       volume = {20},
       number = {20},
        pages = {3657-3660},
          doi = {10.1364/AO.20.003657},
       adsurl = {https://ui.adsabs.harvard.edu/abs/1981ApOpt..20.3657T},
      adsnote = {Provided by the SAO/NASA Astrophysics Data System}
}

@ARTICLE{2021A&A...646A..21C,
       author = {{Chubb}, Katy L. and {Rocchetto}, Marco and {Yurchenko}, Sergei N. and {Min}, Michiel and {Waldmann}, Ingo and {Barstow}, Joanna K. and {Molli{\`e}re}, Paul and {Al-Refaie}, Ahmed F. and {Phillips}, Mark W. and {Tennyson}, Jonathan},
        title = "{The ExoMolOP database: Cross sections and k-tables for molecules of interest in high-temperature exoplanet atmospheres}",
      journal = {\aap},
     keywords = {molecular data, opacity, radiative transfer, planets and satellites: atmospheres, planets and satellites: gaseous planets, infrared: planetary systems, Astrophysics - Earth and Planetary Astrophysics, Astrophysics - Instrumentation and Methods for Astrophysics, Astrophysics - Solar and Stellar Astrophysics},
         year = 2021,
        month = feb,
       volume = {646},
          eid = {A21},
        pages = {A21},
          doi = {10.1051/0004-6361/202038350},
archivePrefix = {arXiv},
       eprint = {2009.00687},
 primaryClass = {astro-ph.EP},
       adsurl = {https://ui.adsabs.harvard.edu/abs/2021A&A...646A..21C},
      adsnote = {Provided by the SAO/NASA Astrophysics Data System}
}


%multinest
@ARTICLE{2008MNRAS.384..449F,
       author = {{Feroz}, F. and {Hobson}, M.~P.},
        title = "{Multimodal nested sampling: an efficient and robust alternative to Markov Chain Monte Carlo methods for astronomical data analyses}",
      journal = {\mnras},
     keywords = {methods: data analysis, methods: statistical, Astrophysics},
         year = 2008,
        month = feb,
       volume = {384},
       number = {2},
        pages = {449-463},
          doi = {10.1111/j.1365-2966.2007.12353.x},
archivePrefix = {arXiv},
       eprint = {0704.3704},
 primaryClass = {astro-ph},
       adsurl = {https://ui.adsabs.harvard.edu/abs/2008MNRAS.384..449F},
      adsnote = {Provided by the SAO/NASA Astrophysics Data System}
}


@ARTICLE{2009MNRAS.398.1601F,
       author = {{Feroz}, F. and {Hobson}, M.~P. and {Bridges}, M.},
        title = "{MULTINEST: an efficient and robust Bayesian inference tool for cosmology and particle physics}",
      journal = {\mnras},
     keywords = {methods: data analysis, methods: statistical, Astrophysics},
         year = 2009,
        month = oct,
       volume = {398},
       number = {4},
        pages = {1601-1614},
          doi = {10.1111/j.1365-2966.2009.14548.x},
archivePrefix = {arXiv},
       eprint = {0809.3437},
 primaryClass = {astro-ph},
       adsurl = {https://ui.adsabs.harvard.edu/abs/2009MNRAS.398.1601F},
      adsnote = {Provided by the SAO/NASA Astrophysics Data System}
}

@ARTICLE{2019OJAp....2E..10F,
       author = {{Feroz}, Farhan and {Hobson}, Michael P. and {Cameron}, Ewan and {Pettitt}, Anthony N.},
        title = "{Importance Nested Sampling and the MultiNest Algorithm}",
      journal = {The Open Journal of Astrophysics},
     keywords = {statistical methods, importance nested sampling, bayesian inference, Astrophysics - Instrumentation and Methods for Astrophysics, Physics - Data Analysis, Statistics and Probability, Statistics - Computation},
         year = 2019,
        month = nov,
       volume = {2},
       number = {1},
          eid = {10},
        pages = {10},
          doi = {10.21105/astro.1306.2144},
archivePrefix = {arXiv},
       eprint = {1306.2144},
 primaryClass = {astro-ph.IM},
       adsurl = {https://ui.adsabs.harvard.edu/abs/2019OJAp....2E..10F},
      adsnote = {Provided by the SAO/NASA Astrophysics Data System}
}

